@proceedings{kooper2013ecological,
  title =	 {Ecological Cyberinfrastructure and HPC Towards More
                  Accurately Predicting Future Levels of Greenhouse
                  Gases},
  author =	 {Kooper, Rob and McHenry, Kenton and Dietze, Michael
                  C and LeBauer, David S and Serbin, Shawn and Desai,
                  Ankur},
  booktitle =	 {XSEDE},
  year =	 2013,
  keywords =	 {pecan, xsede}
}

@misc{lebauer2007cos,
  title =	 {Nitrogen deposition reduces nitrogen limitation of
                  terrestrial net primary production},
  author =	 {LeBauer, David S and Treseder, Kathleen K},
  year =	 2007
}
