@manual{tu2011data,
  title =	 {Data Entry Workflow for the Biofuel Ecophysiological
                  Traits and Yields Database},
  author =	 {Tu, Andy and LeBauer, David},
  year =	 {2011}
}

@phdthesis{lebauer2008carbon,
  title =	 {Carbon balance of ecosystems under nitrogen
                  enrichment},
  author =	 {LeBauer, David Shaner},
  year =	 {2008},
  school =	 {University of California, Irvine}
}

@inbook{isikhuemhen2004gpt,
  address =	 {Seoul, Korea},
  author =	 {Isikhuemhen, O.S. and LeBauer, D.S.},
  booktitle =	 {Oyster Mushroom Cultivation},
  pages =	 {270--281},
  publisher =	 {MushWorld},
  title =	 {{Growing $\backslash$textit\{Pleurotus
                  tuberregium\}}},
  year =	 {2004}
}
