@article{davis2014llf,
  author =	 {Davis, Sarah C and LeBauer, David S and Long,
                  Stephen P},
  doi =		 {10.1093/jxb/eru163},
  issn =	 {1460-2431},
  journal =	 {Journal of experimental botany},
  keywords =	 {agave,bioenergy,biofuel,drought,photochemical
                  efficiency,radiation use
                  efficiency,semi-arid,sisal,water use},
  number =	 13,
  pages =	 {3471--3478},
  pmid =	 24744431,
  title =	 {{Light to liquid fuel: theoretical and realized
                  energy conversion efficiency of plants using
                  Crassulacean Acid Metabolism (CAM) in arid
                  conditions.}},
  url =		 {http://www.ncbi.nlm.nih.gov/pubmed/24744431},
  volume =	 65,
  year =	 2014
}

@article{wang2013pys,
  author =	 {Wang, Dan and LeBauer, David and Dietze, Michael},
  doi =		 {10.1890/12-0854.1},
  issn =	 {1051-0761},
  journal =	 {Ecological Applications},
  month =	 jun,
  number =	 4,
  pages =	 {944--958},
  title =	 {{Predicting yields of short-rotation hybrid poplar (
                  Populus spp.) for the United States through
                  modelâ€“data synthesis}},
  url =
                  {http://www.esajournals.org/doi/abs/10.1890/12-0854.1},
  volume =	 23,
  year =	 2013
}

@article{lebauer2013ffb,
  author =	 {LeBauer, David S. and Wang, Dan and Richter,
                  Katherine T. and Davidson, Carl C. and Dietze,
                  Michael C.},
  doi =		 {10.1890/12-0137.1},
  isbn =	 {10.1890/12-0137.1},
  issn =	 00129615,
  journal =	 {Ecological Monographs},
  keywords =	 {Bayesian approach,Ecoinformatics,Ecological
                  forecast,Ecophysiology,Ecosystem Demography
                  model,Ecosystem model,Meta-analysis,Plant
                  traits,Sensitivity analysis,Variance decomposition},
  month =	 may,
  number =	 2,
  pages =	 {133--154},
  title =	 {{Facilitating feedbacks between field measurements
                  and ecosystem models}},
  url =
                  {http://www.esajournals.org/doi/abs/10.1890/12-0137.1},
  volume =	 83,
  year =	 2013
}

@article{dietze2013oic,
  author =	 {Dietze, Michael C and Lebauer, David S. and Kooper,
                  Rob},
  doi =		 {10.1111/pce.12043},
  issn =	 01407791,
  journal =	 {Plant, Cell and Environment},
  keywords =	 {Accessibility,Bayesian statistics,Data
                  assimilation,Informatics,PEcAn,Provenance,Uncertainty,Workflow},
  month =	 sep,
  number =	 9,
  pages =	 {1575--1585},
  pmid =	 23181765,
  title =	 {{On improving the communication between models and
                  data}},
  url =		 {http://www.ncbi.nlm.nih.gov/pubmed/23181765},
  volume =	 36,
  year =	 2013
}

@article{lebauer2013tpd,
  author =	 {LeBauer, David S and Dietze, Michael C and Bolker,
                  Benjamin M},
  journal =	 {R Journal},
  number =	 1,
  pages =	 {207--209},
  title =	 {{Translating Probability Density Functions : From R
                  to BUGS and Back Again}},
  url =
                  {http://journal.r-project.org/archive/2013-1/lebauer-dietze-bolker.pdf},
  volume =	 5,
  year =	 2013
}

@article{lebauer2010ldr,
  author =	 {LeBauer, David S},
  doi =		 {10.1139/X10-054},
  issn =	 {0045-5067},
  journal =	 {Canadian Journal of Forest Research},
  number =	 6,
  pages =	 {1076--1085},
  title =	 {{Litter degradation rate and $\beta$-glucosidase
                  activity increase with fungal diversity}},
  url =
                  {http://article.pubs.nrc-cnrc.gc.ca/ppv/RPViewDoc?issn=1208-6037\&volume=40\&issue=6\&startPage=1076\&ab=y},
  volume =	 40,
  year =	 2010
}

@article{wang2010qrc,
  author =	 {Wang, Dan and LeBauer, David S and Dietze, Michael
                  C},
  doi =		 {10.1111/j.1757-1707.2010.01035.x},
  isbn =	 17571693,
  issn =	 17571693,
  journal =	 {GCB Bioenergy},
  keywords =	 {mixture,monoculture,panicum virgatum l,yield},
  number =	 1,
  pages =	 {16--25},
  pmid =	 66589569,
  title =	 {{A quantitative review comparing the yield of
                  switchgrass in monocultures and mixtures in relation
                  to climate and management factors}},
  url =
                  {http://doi.wiley.com/10.1111/j.1757-1707.2010.01035.x},
  volume =	 2,
  year =	 2010
}

@article{allison2009lln,
  author =	 {Allison, Steven D. and LeBauer, David S. and
                  Ofrecio, M. Rosario and Reyes, Randy and Ta, Anh
                  Minh and Tran, Tri M.},
  doi =		 {10.1016/j.soilbio.2008.10.032},
  isbn =	 {0038-0717},
  issn =	 00380717,
  journal =	 {Soil Biology and Biochemistry},
  keywords =	 {Boreal forest,Carbon dioxide,Cellulose,Extracellular
                  enzyme,Global change,Litter
                  decomposition,Microcosm,Moss,Nitrogen
                  fertilization,Saprotrophic fungi},
  month =	 feb,
  number =	 2,
  pages =	 {293--302},
  publisher =	 {Elsevier},
  title =	 {{Low levels of nitrogen addition stimulate
                  decomposition by boreal forest fungi}},
  url =
                  {http://linkinghub.elsevier.com/retrieve/pii/S0038071708003908},
  volume =	 41,
  year =	 2009
}

@article{lebauer2008nln,
  annote =	 {From Duplicate 1 (Nitrogen limitation of net primary
                  productivity in terrestrial ecosystems is globally
                  distributed - LeBauer, David S; Treseder, Kathleen
                  K)},
  author =	 {LeBauer, David S and Treseder, Kathleen K},
  doi =		 {10.1890/06-2057.1},
  issn =	 {0012-9658},
  journal =	 {Ecology},
  keywords =	 {Biomass,Carbon,Carbon:
                  metabolism,Climate,Ecosystem,Fertilizers,Nitrogen,Nitrogen:
                  metabolism,Plants,Plants: growth \&
                  development,Plants: metabolism,Trees,Trees: growth
                  \& development,Trees: metabolism},
  month =	 feb,
  number =	 2,
  pages =	 {371--9},
  pmid =	 18409427,
  title =	 {{Nitrogen limitation of net primary productivity in
                  terrestrial ecosystems is globally distributed.}},
  url =		 {http://www.esajournals.org/doi/abs/10.1890/06-2057.1
                  http://www.ncbi.nlm.nih.gov/pubmed/18409427},
  volume =	 89,
  year =	 2008
}

@article{okano2004art,
  author =	 {Okano, Yutaka and Hristova, Krassimira R and
                  Christian, M and Jackson, Louise E and Denison, R
                  Ford and Lebauer, David and Scow, Kate M and
                  Leutenegger, Christian M and Gebreyesus, Binyam},
  doi =		 {10.1128/AEM.70.2.1008},
  journal =	 {Applied and Environmental Microbiology},
  number =	 2,
  pages =	 {1008--1016},
  title =	 {{Application of Real-Time PCR To Study Effects of
                  Ammonium on Population Size of Ammonia-Oxidizing
                  Bacteria in Soil}},
  url =		 {http://aem.asm.org/cgi/content/abstract/70/2/1008},
  volume =	 70,
  year =	 2004
}

@misc{lebauer2004csc,
  author =	 {LeBauer, David S},
  booktitle =	 {Stewardship News},
  number =	 2,
  pages =	 {8--11},
  title =	 {{Consider Shiitake Cultivation!}},
  volume =	 24,
  year =	 2004
}

@article{dietze2014qat,
  author =	 {Dietze, Michael C. and Serbin, Shawn P. and
                  Davidson, Carl and Desai, Ankur R. and Feng, Xiaohui
                  and Kelly, Ryan and Kooper, Rob and LeBauer, David
                  and Mantooth, Joshua and McHenry, Kenton and Wang,
                  Dan},
  doi =		 {10.1002/2013JG002392},
  issn =	 21698961,
  journal =	 {Journal of Geophysical Research: Biogeosciences},
  keywords =	 {Bayesian,Ecosystem Demography,PEcAn,model-data
                  feedback,uncertainty,variance decomposition},
  number =	 3,
  pages =	 {286--300},
  title =	 {{A quantitative assessment of a terrestrial
                  biosphere model's data needs across North American
                  biomes}},
  volume =	 119,
  year =	 2014
}

@article{wang2013est,
  author =	 {Wang, Dan and LeBauer, David and Kling, Gary and
                  Voigt, Thomas and Dietze, Michael C},
  doi =		 {10.1890/ES13-00156.1},
  issn =	 {2150-8925},
  journal =	 {Ecosphere},
  number =	 11,
  pages =	 {art138},
  title =	 {{Ecophysiological screening of tree species for
                  biomass production: trade-off between production and
                  water use}},
  url =		 {http://dx.doi.org/10.1890/ES13-00156.1},
  volume =	 4,
  year =	 2013
}

@article{davis2015tsl,
  author =	 {Davis, Sarah and Ming, Ray and LeBauer, David and
                  Long, Stephen},
  journal =	 {New Phytologist2},
  title =	 {{Toward systems-level analysis of agricultural
                  production from Crassulacean Acid Metabolism (CAM):
                  scaling from cell to commercial production}},
  volume =	 {in press},
  year =	 2015
}

@article{wang2015pbm,
  author =	 {Wang, Dandan; and Jaiswal, Deepak; and LeBauer,
                  David; and Wertin, Timothy; and Bollero, German; and
                  Leakey, Andrew; and Long, Steve},
  journal =	 {Plant, cell \& environment},
  title =	 {{A physiological and biophysical model of coppice
                  willow (Salix spp.) production for the contiguous
                  USA in current and future climate scenarios}},
  volume =	 {in press},
  year =	 2015
}

@article{zhu2015pis,
  author =	 {Zhu, Xin-Guang and Lynch, Jonathan P. and LeBauer,
                  David S. and Millar, Andrew J. and Stitt, Mark and
                  Long, Stephen P.},
  journal =	 {Plant, Cell and Environment},
  title =	 {{Plants in silico: Why, Why Now and Framework - An
                  integrative platform for plant systems biology
                  research.}},
  volume =	 {in press},
  year =	 2015
}


@inbook{isikhuemhen2004gpt,
  address =	 {Seoul, Korea},
  author =	 {Isikhuemhen, O.S. and LeBauer, D.S.},
  booktitle =	 {Oyster Mushroom Cultivation},
  pages =	 {270--281},
  publisher =	 {MushWorld},
  title =	 {{Growing $\backslash$textit\{Pleurotus
                  tuberregium\}}},
  year =	 {2004}
}
